%% This BibTeX bibliography file was created using BibDesk.
%% http://bibdesk.sourceforge.net/


%% Created for Gianmarco de Felice at 2017-08-15 12:41:14 +0200 


%% Saved with string encoding Unicode (UTF-8) 



@inproceedings{Auslander65,
	Author = {L. Auslander},
	Booktitle = {Proceedings of the American Mathematical Society},
	Date-Added = {2017-08-13 11:22:45 +0000},
	Date-Modified = {2017-08-13 11:25:13 +0000},
	Pages = {1230-1236},
	Title = {An account of the theory of crystallographic groups},
	Year = {1965}}

@mastersthesis{Chaudray15,
	Author = {A. Chaudray, P. Constantinescu, G. de Felice, O. Fitz-Gibbon},
	Date-Added = {2017-08-13 11:18:28 +0000},
	Date-Modified = {2017-08-13 11:21:32 +0000},
	School = {Imperial College London},
	Title = {Crystallographic groups and Dunkl analysis},
	Year = {2015}}

@mastersthesis{Lahtinen06,
	Author = {Ville Lahtinen},
	Date-Added = {2017-08-09 09:14:47 +0000},
	Date-Modified = {2017-08-09 09:16:46 +0000},
	School = {University of Helsinki},
	Title = {Topological quantum computation: an analysis of an anyon model based on quantum double symmetries},
	Year = {2006}}

@misc{Handzihasanovic,
	Date-Added = {2017-08-04 11:13:23 +0000},
	Date-Modified = {2017-08-04 11:13:57 +0000},
	Month = {May},
	Title = {Private communication},
	Year = {2017}}

@misc{Havlicek17,
	Author = {Vojtech Havlicek},
	Date-Added = {2017-08-02 09:46:07 +0000},
	Date-Modified = {2017-08-02 09:48:03 +0000},
	Howpublished = {unpublished (Term paper)},
	Month = {April},
	Title = {Search for computational advantage in permutational quantum computing},
	Year = {2017}}

@article{Coecke10,
	Author = {B. Coecke and M. Sadrzadeh and S. Clark},
	Date-Added = {2017-07-26 08:13:22 +0000},
	Date-Modified = {2017-07-26 08:16:29 +0000},
	Journal = {eprint arXiv:1003.4394},
	Title = {Mathematical foundations for a compositional distributional model of meaning},
	Year = {2010}}

@url{Gibney16,
	Author = {Elizabeth Gibney},
	Date-Added = {2017-07-26 08:08:23 +0000},
	Date-Modified = {2017-07-26 08:09:47 +0000},
	Title = {Inside Microsoft's quest for a topological quantum computer},
	Url = {http://www.nature.com/news/inside-microsoft-s-quest-for-a-topological-quantum-computer-1.20774},
	Urldate = {2016}}

@inproceedings{Mellies06,
	Author = {P. Mellies},
	Booktitle = {Computer Science Logic},
	Date-Added = {2017-07-23 09:07:35 +0000},
	Date-Modified = {2017-07-23 09:09:48 +0000},
	Editor = {Springer Verlag},
	Pages = {1-30},
	Title = {Functorial boxes in string diagrams},
	Year = {2006}}

@inproceedings{Majid91,
	Annote = {Proof of hopf algebra reconstruction},
	Author = {Majid, Sh.},
	Booktitle = {Proceedings of the Winter School "Geometry and Physics".},
	Date-Added = {2017-07-17 22:32:55 +0000},
	Date-Modified = {2017-07-17 22:36:58 +0000},
	Publisher = {Circolo Matematico di Palermo},
	Title = {Representations, duals, quantum doubles of monoidal categories},
	Year = {1991}}

@article{Etingof02,
	Author = {P. Etingof and D. Nikshych and V. Ostrik},
	Date-Added = {2017-07-17 22:24:25 +0000},
	Date-Modified = {2017-07-17 22:26:02 +0000},
	Journal = {eprint arXiv:math/0203060},
	Title = {On Fusion Categories},
	Year = {2002}}

@article{Etingof97,
	Author = {P. Etingof and S. Gelaki},
	Date-Added = {2017-07-17 22:21:33 +0000},
	Date-Modified = {2017-07-17 22:23:37 +0000},
	Journal = {eprint arXiv:q-alg/9712033},
	Title = {Some properties of finite dimensional Hopf algebras},
	Year = {1997}}

@incollection{Joyal91,
	Author = {A. Joyal and R. Street},
	Booktitle = {Category Theory},
	Date-Added = {2017-07-17 10:28:32 +0000},
	Date-Modified = {2017-07-17 10:32:04 +0000},
	Pages = {413-492},
	Publisher = {Springer, Berlin},
	Series = {Lecture Notes in Methematics},
	Title = {An introduction to Tannaka duality and quantum groups},
	Volume = {1488},
	Year = {1991}}

@book{Abramsky11,
	Author = {S. Abramsky and N. Tzevelekos},
	Date-Added = {2017-07-13 15:21:28 +0000},
	Date-Modified = {2017-07-13 15:24:34 +0000},
	Publisher = {Springer-Verlag Berlin Heidelberg},
	Series = {New Structures for Physics, Lecture Notes in Physics },
	Title = {Introduction to Categories and Categorical Logic},
	Volume = {813},
	Year = {2011}}

@book{Drinfeld87,
	Author = {V. Drinfeld},
	Date-Added = {2017-07-10 13:10:27 +0000},
	Date-Modified = {2017-07-10 13:18:34 +0000},
	Journal = {Proceedings of the International Congress of Mathematics},
	Publisher = {American Mathematical Society},
	Title = {Quantum groups},
	Year = {1987}}

@book{Coecke17,
	Author = {B. Coecke and A. Kissinger},
	Date-Added = {2017-06-30 13:28:28 +0000},
	Date-Modified = {2017-07-10 14:17:38 +0000},
	Publisher = {Cambridge University Press},
	Read = {0},
	Title = {Picturing Quantum Processes},
	Year = {2017}}

@phdthesis{Lawvere63,
	Author = {F: W. Lawvere},
	Date-Added = {2017-06-30 13:13:42 +0000},
	Date-Modified = {2017-06-30 13:14:44 +0000},
	School = {Columbia University},
	Title = {Functorial semantics of algebraic theories},
	Year = {1963}}

@url{Vicary12,
	Author = {J. Vicary and C. Heunen},
	Date-Added = {2017-06-30 13:01:33 +0000},
	Date-Modified = {2017-06-30 13:08:06 +0000},
	Note = {https://www.cs.ox.ac.uk/files/4551/cqm-notes.pdf},
	Title = {Lectures on Categorical Quantum Mechanics},
	Year = {2012}}

@book{Panangaden11,
	Author = {P. Panangaden and E. Paquette},
	Date-Added = {2017-06-28 16:40:32 +0000},
	Date-Modified = {2017-06-28 16:43:33 +0000},
	Journal = {New Structures for Physics},
	Pages = {983-1025},
	Publisher = {Springer Berlin Heidelberg},
	Series = {Lecture Notes in Physics},
	Title = {A categorical presentation of quantum computation with anyons},
	Volume = {813},
	Year = {2011}}

@mastersthesis{Bartlett05,
	Author = {B. Bartlett},
	Date-Added = {2017-06-28 16:38:09 +0000},
	Date-Modified = {2017-06-28 16:39:38 +0000},
	School = {Utrecht University},
	Title = {Categorical aspects of Topological quantum field theories},
	Year = {2005}}

@article{Bartlett15,
	Author = {B. Bartlett},
	Date-Added = {2017-06-28 16:34:41 +0000},
	Date-Modified = {2017-06-28 16:35:46 +0000},
	Journal = {eprint arXiv:1502.02882},
	Title = {Fusion categories via string diagrams},
	Year = {2015}}

@unpublished{Simon16,
	Author = {S. Simon},
	Date-Added = {2017-06-28 15:33:45 +0000},
	Date-Modified = {2017-06-28 15:34:52 +0000},
	Note = {http://oxfordtopquantum.tiddlyspot.com/},
	Title = {Toplogical Quantum},
	Year = {2016}}

@book{MacLane71,
	Author = {S. {Mac Lane}},
	Date-Added = {2017-06-28 15:26:37 +0000},
	Date-Modified = {2017-06-28 15:29:16 +0000},
	Publisher = {Springer Verlag},
	Title = {Categories for the working mathematician},
	Year = {1971}}

@article{Vercruysse12,
	Author = {J. Vercruysse},
	Date-Added = {2017-06-28 14:54:24 +0000},
	Date-Modified = {2017-06-28 14:56:06 +0000},
	Journal = {eprint arXiv:1202.3613},
	Title = {Hopf algebras, variant notions and reconstruction theorems},
	Year = {2012}}

@book{Atiyah89,
	Author = {M. Atiyah},
	Date-Added = {2017-06-28 14:50:32 +0000},
	Date-Modified = {2017-06-28 14:53:14 +0000},
	Publisher = {The Australian National University},
	Series = {Miniconference on Geometry and Physics},
	Title = {The geometry and physics of knots},
	Year = {1989}}

@article{Rowell17,
	Author = {E. Rowell and W. Zhenghan},
	Date-Added = {2017-06-28 14:48:06 +0000},
	Date-Modified = {2017-06-28 14:49:00 +0000},
	Journal = {eprint arXiv:1705.06206},
	Title = {Mathematics of Topological Quantum Computing},
	Year = {2017}}

@article{Drinfeld09,
	Author = {V. Drinfeld and S. Gelaki and D. Nikshych and V. Ostrik},
	Date-Added = {2017-06-28 14:44:45 +0000},
	Date-Modified = {2017-06-28 14:46:10 +0000},
	Journal = {eprint arXiv:0906.0620},
	Title = {On braided fusion categories I},
	Year = {2009}}

@article{Mueger08,
	Author = {M. Mueger},
	Date-Added = {2017-06-28 14:41:29 +0000},
	Date-Modified = {2017-06-28 14:42:23 +0000},
	Journal = {eprint arXiv:0804.3587},
	Title = {Tensor categories: A selective guided tour},
	Year = {2008}}

@misc{Mueger12,
	Author = {M. Mueger},
	Date-Added = {2017-06-28 14:39:13 +0000},
	Date-Modified = {2017-06-28 14:40:54 +0000},
	Howpublished = {http://www.math.ru.nl/~mueger/PDF/oxford.pdf},
	Title = {Modular Categories},
	Year = {2012}}

@article{Mueger02,
	Author = {M. Mueger},
	Date-Added = {2017-06-28 14:37:49 +0000},
	Date-Modified = {2017-06-28 14:38:30 +0000},
	Journal = {eprint arXiv:math/0201017},
	Title = {On the structure of modular categories},
	Year = {2002}}

@phdthesis{Slingerland02,
	Author = {J. K. Slingerland},
	Date-Added = {2017-06-28 14:33:48 +0000},
	Date-Modified = {2017-06-28 14:35:45 +0000},
	School = {Universiteit van Amsterdam},
	Title = {Hopf symmetry and its breaking: braid statistics and confinement in planar physics},
	Year = {2002}}

@article{Balsam10,
	Author = {B. Balsam and A. Kirillov},
	Date-Added = {2017-06-28 14:31:18 +0000},
	Date-Modified = {2017-06-28 14:33:01 +0000},
	Journal = {eprint arXiv:1004.1533},
	Title = {Turaev-Viro invariants as an extended TQFT},
	Year = {2010}}

@book{Freyd66,
	Author = {P. Freyd},
	Date-Added = {2017-06-28 14:28:38 +0000},
	Date-Modified = {2017-06-30 13:57:51 +0000},
	Publisher = {Harper & Row},
	Title = {Abelian Categories},
	Year = {1966}}

@article{Balsam12,
	Author = {B. Balsam and A. Kirillov},
	Date-Added = {2017-06-28 14:23:56 +0000},
	Date-Modified = {2017-06-28 14:25:41 +0000},
	Journal = {eprint arXiv:1206.2308},
	Title = {Kitaev's lattice model and Turaev-Viro TQFTs},
	Year = {2012}}

@article{Baez98,
	Author = {J. Baez and D. James},
	Date-Added = {2017-06-28 14:22:31 +0000},
	Date-Modified = {2017-06-28 14:36:48 +0000},
	Journal = {eprint arXiv:math/9802029},
	Title = {Categorification},
	Year = {1998}}

@book{Mellies09,
	Author = {P. Mellies},
	Date-Added = {2017-06-28 14:17:12 +0000},
	Date-Modified = {2017-06-28 14:20:02 +0000},
	Publisher = {Societ{\'e} Math{\'e}matique de France},
	Series = {Panoramas et Synth{\`e}ses},
	Title = {Categorical semantics of linear logic},
	Volume = {27},
	Year = {2009}}

@book{Etingof15,
	Author = {P. Etingof and S. Gelaki and D. Nikshych and V. Ostrik},
	Date-Added = {2017-06-28 14:12:33 +0000},
	Date-Modified = {2017-06-28 14:15:20 +0000},
	Publisher = {American Mathematical Society},
	Series = {Mathematical Surveys and Monographs},
	Title = {Tensor Categories},
	Volume = {205},
	Year = {2015}}

@article{Abramsky04,
	Author = {S. Abramsky and B. Coecke},
	Date-Added = {2017-06-28 14:10:55 +0000},
	Date-Modified = {2017-06-28 14:11:48 +0000},
	Journal = {Proceedings of the 19th IEEE conference on Logic in Computer Science},
	Title = {A categorical semantics of quantum protocols},
	Year = {2004}}

@article{Jordan09,
	Author = {S. P. Jordan},
	Date-Added = {2017-06-28 14:08:13 +0000},
	Date-Modified = {2017-06-28 14:09:14 +0000},
	Journal = {Arxiv e-prints},
	Title = {Permutational Quantum Computing},
	Year = {2009}}

@article{Marzuoli05,
	Author = {A. Marzuoli and M. Rasetti},
	Date-Added = {2017-06-28 14:05:03 +0000},
	Date-Modified = {2017-06-28 14:08:08 +0000},
	Journal = {Annals Phys. 318},
	Pages = {345-407},
	Title = {Computing spin networks},
	Year = {2005}}

@book{Bakalov00,
	Author = {B. Bakalov and A. Kirillov},
	Date-Added = {2017-06-28 14:02:02 +0000},
	Date-Modified = {2017-06-28 14:36:23 +0000},
	Publisher = {American Mathematical Society},
	Series = {University Lectures Series},
	Title = {Lectures on tensor categories and modular functors},
	Volume = {21},
	Year = {2000}}

@article{Gould93,
	Author = {Gould, M.},
	Date-Added = {2017-06-28 14:00:44 +0000},
	Date-Modified = {2017-06-28 14:06:14 +0000},
	Journal = {Bulletin of the Australian Mathematical Society},
	Title = {Quantum double finite group algebras and their representations},
	Year = {1993}}

@book{Majid95,
	Author = {Majid, Sh.},
	Date-Added = {2017-06-28 13:59:41 +0000},
	Date-Modified = {2017-06-28 14:05:50 +0000},
	Publisher = {Cambridge University Press},
	Title = {Foundations of Quantum Group Theory},
	Year = {1995}}

@article{Kitaev03,
	Author = {Kitaev, A.},
	Date-Added = {2017-06-28 13:56:55 +0000},
	Date-Modified = {2017-06-28 14:05:42 +0000},
	Journal = {Annals Phys. 303},
	Pages = {2-30},
	Title = {Fault-tolerant Quantum Computation by Anyons},
	Year = {2003}}

@article{Kitaev06,
	Author = {Kitaev, A.},
	Date-Added = {2017-06-28 13:53:13 +0000},
	Date-Modified = {2017-06-28 14:05:36 +0000},
	Journal = {Annals Phys. 30},
	Pages = {2-111},
	Title = {Anyons in an exactly solved modeland beyond},
	Year = {2006}}
